@article{Thapngam:2011p27061,
author = {T Thapngam and Shui Yu and Wanlei Zhou and G Beliakov}, 
journal = {Computer Communications Workshops (INFOCOM WKSHPS), 2011 IEEE Conference on},
title = {Discriminating DDoS attack traffic from flash crowd through packet arrival patterns},
pages = {952 -- 957},
year = {2011}
}

@INPROCEEDINGS{Zhang:11,
author={Z. Chao-yang}, 
booktitle={Intelligence Science and Information Engineering (ISIE), 2011 International Conference on},
title={DOS Attack Analysis and Study of New Measures to Prevent}, 
year={2011}, 
month={aug.}, 
volume={}, 
number={}, 
pages={426 -429}, 
keywords={DOS attack analysis;distributed denial of service attack;network security;router DoS attack prevention;computer network security;telecommunication network routing;}
}

@inproceedings{Mirkovic:2007:TUM:1281700.1281708,
 author = {Mirkovic, Jelena and Hussain, Alefiya and Wilson, Brett and Fahmy, Sonia and Reiher, Peter and Thomas, Roshan and Yao, Wei-Min and Schwab, Stephen},
 title = {Towards user-centric metrics for denial-of-service measurement},
 booktitle = {Proceedings of the 2007 workshop on Experimental computer science},
 series = {ExpCS '07},
 year = {2007},
 isbn = {978-1-59593-751-3},
 location = {San Diego, California},
 articleno = {8},
 url = {http://doi.acm.org/10.1145/1281700.1281708},
 doi = {http://doi.acm.org/10.1145/1281700.1281708},
 acmid = {1281708},
 publisher = {ACM},
 address = {New York, NY, USA},
 keywords = {denial of service, metrics},
} 

[download] 
@INPROCEEDINGS{4809152,
author={Sachdeva, M. and Kumar, K. and Singh, G. and Singh, K.},
booktitle={Advance Computing Conference, 2009. IACC 2009. IEEE International},
title={Performance Analysis of Web Service under DDoS Attacks},
year={2009},
month={march},
volume={},
number={},
pages={1002 -1007},
keywords={DDoS attacks;Web service;distributed denial-of-service attacks;electronic document;normal packet survival ratio;percentage link utilization;performance analysis;ratio of average serve to request rate;response time;socio-economic growth;Web services;document handling;security of data;},
doi={10.1109/IADCC.2009.4809152},
ISSN={},
}

@INPROCEEDINGS{4600003,
author={Bellaiche, M. and Gregoire, J.-C.},
booktitle={Wireless Communications and Mobile Computing Conference, 2008. IWCMC '08. International},
title={Measuring Defense Systems Against Flooding Attacks},
year={2008},
month={aug.},
volume={},
number={},
pages={600 -605},
keywords={composite metrics;defence systems;degradation and robustness costs;denial of service attacks;deployment costs;flooding attacks;performance evaluation;testing methodology;telecommunication network management;telecommunication security;},
doi={10.1109/IWCMC.2008.104},
ISSN={},
}

@article{Peng:2007:SND:1216370.1216373,
 author = {Peng, Tao and Leckie, Christopher and Ramamohanarao, Kotagiri},
 title = {Survey of network-based defense mechanisms countering the DoS and DDoS problems},
 journal = {ACM Comput. Surv.},
 volume = {39},
 issue = {1},
 month = {April},
 year = {2007},
 issn = {0360-0300},
 articleno = {3},
 url = {http://doi.acm.org/10.1145/1216370.1216373},
 doi = {http://doi.acm.org/10.1145/1216370.1216373},
 acmid = {1216373},
 publisher = {ACM},
 address = {New York, NY, USA},
 keywords = {Botnet, DDoS, DNS reflector attack, DoS, IP spoofing, IP traceback, IRC, Internet security, SYN flood, VoIP security, bandwidth attack, resource management},
} 


@inproceedings{Dhage:2011:IDS:1980022.1980076,
 author = {Dhage, S. N. and Meshram, B. B. and Rawat, R. and Padawe, S. and Paingaokar, M. and Misra, A.},
 title = {Intrusion detection system in cloud computing environment},
 booktitle = {Proceedings of the International Conference \&\#38; Workshop on Emerging Trends in Technology},
 series = {ICWET '11},
 year = {2011},
 isbn = {978-1-4503-0449-8},
 location = {Mumbai, Maharashtra, India},
 pages = {235--239},
 numpages = {5},
 url = {http://doi.acm.org/10.1145/1980022.1980076},
 doi = {http://doi.acm.org/10.1145/1980022.1980076},
 acmid = {1980076},
 publisher = {ACM},
 address = {New York, NY, USA},
 keywords = {cloud computing, intrusion detection, intrusion prevention},
} 



@MISC{Sachdeva08ddosincidents,
    author = {Monika Sachdeva and Gurvinder Singh and Krishan Kumar and Kuldip Singh},
    title = {DDoS Incidents and their Impact: A Review},
    year = {2008}
}

@INPROCEEDINGS{Dietrich00analyzingdistributed,
    author = {Sven Dietrich and Nasa Goddard and Neil Long},
    title = {Analyzing Distributed Denial of Service Tools: The Shaft Case},
    booktitle = {In Proceedings of USENIX LISAâ€™2000},
    year = {2000},
    pages = {329--339}
}

@article{Stavrou:2005:WOS:1090583.1648614,
 author = {Stavrou, Angelos and Cook, Debra L. and Morein, William G. and Keromytis, Angelos D. and Misra, Vishal and Rubenstein, Dan},
 title = {WebSOS: an overlay-based system for protecting web servers from denial of service attacks},
 journal = {Comput. Netw.},
 volume = {48},
 issue = {5},
 month = {August},
 year = {2005},
 issn = {1389-1286},
 pages = {781--807},
 numpages = {27},
 url = {http://dl.acm.org/citation.cfm?id=1090583.1648614},
 doi = {10.1016/j.comnet.2005.01.005},
 acmid = {1648614},
 publisher = {Elsevier North-Holland, Inc.},
 address = {New York, NY, USA},
 keywords = {Denial of service, Graphic Turing Tests, Java, Network topology, Overlay networks, Reliability, Security, Security and protection, Web proxies},
} 

@article{Keromytis:2002:SSO:964725.633032,
 author = {Keromytis, Angelos D. and Misra, Vishal and Rubenstein, Dan},
 title = {SOS: secure overlay services},
 journal = {SIGCOMM Comput. Commun. Rev.},
 issue_date = {October 2002},
 volume = {32},
 issue = {4},
 month = {August},
 year = {2002},
 issn = {0146-4833},
 pages = {61--72},
 numpages = {12},
 url = {http://doi.acm.org/10.1145/964725.633032},
 doi = {http://doi.acm.org/10.1145/964725.633032},
 acmid = {633032},
 publisher = {ACM},
 address = {New York, NY, USA},
 keywords = {denial of service attacks, network security, overlay networks},
} 

@inproceedings{Dwork:1992:PVP:646757.705669,
 author = {Dwork, Cynthia and Naor, Moni},
 title = {Pricing via Processing or Combatting Junk Mail},
 booktitle = {Proceedings of the 12th Annual International Cryptology Conference on Advances in Cryptology},
 series = {CRYPTO '92},
 year = {1993},
 isbn = {3-540-57340-2},
 pages = {139--147},
 numpages = {9},
 url = {http://dl.acm.org/citation.cfm?id=646757.705669},
 acmid = {705669},
 publisher = {Springer-Verlag},
 address = {London, UK},
} 

@article{Walfish:2010:DDO:1731060.1731063,
 author = {Walfish, Michael and Vutukuru, Mythili and Balakrishnan, Hari and Karger, David and Shenker, Scott},
 title = {DDoS defense by offense},
 journal = {ACM Trans. Comput. Syst.},
 issue_date = {March 2010},
 volume = {28},
 issue = {1},
 month = {August},
 year = {2010},
 issn = {0734-2071},
 pages = {3:1--3:54},
 articleno = {3},
 numpages = {54},
 url = {http://doi.acm.org/10.1145/1731060.1731063},
 doi = {http://doi.acm.org/10.1145/1731060.1731063},
 acmid = {1731063},
 publisher = {ACM},
 address = {New York, NY, USA},
 keywords = {DoS attack, bandwidth, currency},
} 




@inproceedings{Verkaik:2006:PCD:1162666.1162673,
 author = {Verkaik, Patrick and Spatscheck, Oliver and Van der Merwe, Jacobus and Snoeren, Alex C.},
 title = {PRIMED: community-of-interest-based DDoS mitigation},
 booktitle = {Proceedings of the 2006 SIGCOMM workshop on Large-scale attack defense},
 series = {LSAD '06},
 year = {2006},
 isbn = {1-59593-571-1},
 location = {Pisa, Italy},
 pages = {147--154},
 numpages = {8},
 url = {http://doi.acm.org/10.1145/1162666.1162673},
 doi = {http://doi.acm.org/10.1145/1162666.1162673},
 acmid = {1162673},
 publisher = {ACM},
 address = {New York, NY, USA},
 keywords = {communities of interest, denial of service},
} 

@inproceedings{Fu:2011:CCB:1982185.1982297,
 author = {Fu, Zhang and Papatriantafilou, Marina and Tsigas, Philippas},
 title = {CluB: a cluster based framework for mitigating distributed denial of service attacks},
 booktitle = {Proceedings of the 2011 ACM Symposium on Applied Computing},
 series = {SAC '11},
 year = {2011},
 isbn = {978-1-4503-0113-8},
 location = {TaiChung, Taiwan},
 pages = {520--527},
 numpages = {8},
 url = {http://doi.acm.org/10.1145/1982185.1982297},
 doi = {http://doi.acm.org/10.1145/1982185.1982297},
 acmid = {1982297},
 publisher = {ACM},
 address = {New York, NY, USA},
 keywords = {cluster-based, distributed denial of service, granularity of control},
} 

@inproceedings{Liu:2010:NFD:1866835.1866849,
 author = {Liu, Huan},
 title = {A new form of DOS attack in a cloud and its avoidance mechanism},
 booktitle = {Proceedings of the 2010 ACM workshop on Cloud computing security workshop},
 series = {CCSW '10},
 year = {2010},
 isbn = {978-1-4503-0089-6},
 location = {Chicago, Illinois, USA},
 pages = {65--76},
 numpages = {12},
 url = {http://doi.acm.org/10.1145/1866835.1866849},
 doi = {http://doi.acm.org/10.1145/1866835.1866849},
 acmid = {1866849},
 publisher = {ACM},
 address = {New York, NY, USA},
 keywords = {bandwidth estimation, dos attack},
} 


@ARTICLE{1039856,
author={Chang, R.K.C.},
journal={Communications Magazine, IEEE},
title={Defending against flooding-based distributed denial-of-service attacks: a tutorial},
year={2002},
month={oct},
volume={40},
number={10},
pages={ 42 - 51},
keywords={ DDoS attack methods; DDoS attack tools; Internet firewall; Internet stability; attack packets interception; distributed attack detection; flooding-based distributed denial-of-service attacks; large-scale attacks; reflector attacks; tutorial; Internet; authorisation; packet switching; telecommunication security;},
doi={10.1109/MCOM.2002.1039856},
ISSN={0163-6804},}

@inproceedings{Li:2009:DDA:1683304.1684620,
 author = {Li, Ke and Zhou, Wanlei and Li, Ping and Hai, Jing and Liu, Jianwen},
 title = {Distinguishing DDoS Attacks from Flash Crowds Using Probability Metrics},
 booktitle = {Proceedings of the 2009 Third International Conference on Network and System Security},
 series = {NSS '09},
 year = {2009},
 isbn = {978-0-7695-3838-9},
 pages = {9--17},
 numpages = {9},
 url = {http://dx.doi.org/10.1109/NSS.2009.35},
 doi = {http://dx.doi.org/10.1109/NSS.2009.35},
 acmid = {1684620},
 publisher = {IEEE Computer Society},
 address = {Washington, DC, USA},
 keywords = {DDoS, Flash crowd, Probability metrics},
} 

												
@article{Zuckerman:10,
  title={{2010 Report on Distributed Denial of Service (DDos) Attacks}},
  author={E. Zuckerman and H. Roberts and R. McGrady and J. York and J. G. Palfrey Jr.},
  journal={Berkman Center Research Publication No. 2010-16},
  year={2010},
  publisher={SSRN},
  location={http://ssrn.com/paper=1872065},
  language={English}
}

@inproceedings{Liu:2011:RAC:1982185.1982221,
author = {Liu, Huan},
title = {Rapid application configuration in Amazon cloud using configurable
virtual appliances},
booktitle = {Proceedings of the 2011 ACM Symposium on Applied Computing},
series = {SAC '11},
year = {2011},
isbn = {978-1-4503-0113-8},
location = {TaiChung, Taiwan},
pages = {147--154},
numpages = {8},
url = {http://doi.acm.org/10.1145/1982185.1982221},
doi = {http://doi.acm.org/10.1145/1982185.1982221},
acmid = {1982221},
publisher = {ACM},
address = {New York, NY, USA},
keywords = {IoC, cloud, configuration, virtual appliance}}


@inproceedings{Hazelhurst:2008:SCU:1456659.1456671,
author = {Hazelhurst, Scott},
title = {Scientific computing using virtual high-performance computing: a case
study using the Amazon elastic computing cloud},
booktitle = {Proceedings of the 2008 annual research conference of the South
African Institute of Computer Scientists and Information Technologists on IT
research in developing countries: riding the wave of technology},
series = {SAICSIT '08},
year = {2008},
isbn = {978-1-60558-286-3},
location = {Wilderness, South Africa},
pages = {94--103},
numpages = {10},
url = {http://doi.acm.org/10.1145/1456659.1456671},
doi = {http://doi.acm.org/10.1145/1456659.1456671},
acmid = {1456671},
publisher = {ACM},
address = {New York, NY, USA},
keywords = {Amazon elastic computing cloud, clusters, high-performance
computing, virtualisation},
} 

@article {Soon:10,
   author = {Soon Hin Khor and Akihiro Nakao},
   title = {sPoW: On-Demand Cloud-based eDDoS Mitigation Mechanism},   
   journal={HotDep (Fifth Workshop on Hot Topics in System Dependability)},
   keyword = {Clouds,Mitigation Mechanism},      
   year = {2009}
}

@article{Chao:09,
title = {Botnet: Survey and Case Study },
author = {Chao Li and Wei Jiang and Xin Zou},
journal = {Innovative Computing, Information and Control (ICICIC), 2009 Fourth International Conference on},
year = {2009},
pages = {1184 - 1187}
}

@article {Zhang:10,
   author = {Q. Zhang and L. Cheng and R. Boutaba},
   title = {Cloud computing: state-of-the-art and research challenges},
   journal = {Journal of Internet Services and Applications},
   publisher = {Springer London},
   issn = {1867-4828},
   keyword = {Computer Science},
   pages = {7-18},
   volume = {1},
   year = {2010}
}

@INPROCEEDINGS{Bakshi:10, 
author={A. Bakshi and B. Yogesh1}, 
booktitle={Communication Software and Networks, 2010. ICCSN '10. Second International Conference on}, 
title={Securing Cloud from DDOS Attacks Using Intrusion Detection System in Virtual Machine}, 
year={2010}, 
month={feb.}, 
volume={}, 
number={}, 
pages={260 - 264}, 
keywords={DDOS attacks;IT virtualization strategy;cloud computing;cloud infrastructure;cloud security;denial of service attack;dynamic resource pools;enterprise arena;geographically distributed heterogeneous resources;intrusion detection system;virtual machine;Internet;security of data;virtual enterprises;virtual machines;}, 
}

@misc{infoexame,
author = {Info Exame},
title = {http://info.abril.com.br/noticias/seguranca/},
month = {Apr},
year = {2011}
}

@misc{tdl4,
author = {BBC News},
title = {http://www.bbc.co.uk/portuguese/noticias/2011/06/110630\_botnet\_ descoberta\_fn.shtml},
month = {Jul},
year = {2011}
}

@misc{titstorm,
author = {Wired},
title = {http://www.wired.com/threatlevel/2010/02/anonymous-unfurls-operation-titstorm/},
month = {Fev},
year = {2010}
}



@misc{ddosatks,
author = {BBC News},
title = {http://www.bbc.co.uk/news/technology-11971259},
month = {Dec},
year = {2010}
}

@misc{heroku,
author = {Heroku},
title = {http://www.heroku.com/}
}

@misc{amazon,
author = {Amazon Web Services},
title = {http://aws.amazon.com/}
}

@misc{linode,
author = {Linode XEN VPS Hosting},
title = {http://www.linode.com/}
}
